<?xml version="1.0" encoding="UTF-8"?><collection xmlns="http://www.loc.gov/MARC21/slim"><record><leader>00455nam--2200157-i-4500</leader><controlfield tag="001">000001031</controlfield><controlfield tag="002">20161230</controlfield><controlfield tag="005">20161230201024</controlfield><controlfield tag="008">060222s1000------------r-----000-0-eng-d</controlfield><datafield ind1=" " ind2=" " tag="080"><subfield code="a">530.145.6(082.1)</subfield></datafield><datafield ind1=" " ind2=" " tag="100"><subfield code="a">Helstrom,Carl W</subfield></datafield><datafield ind1=" " ind2=" " tag="245"><subfield code="a">Quantum detection and estimation theory</subfield></datafield><datafield ind1=" " ind2=" " tag="260"><subfield code="a">New York, Academic Press, 1976. Vii + 309 P</subfield></datafield><datafield ind1=" " ind2=" " tag="490"><subfield code="a">Mathematics In Science And Engineering</subfield><subfield code="v">vol. 123</subfield></datafield><datafield ind1=" " ind2=" " tag="852"><subfield code="a">17315</subfield></datafield><datafield ind1=" " ind2=" " tag="CAT"><subfield code="a">Sys</subfield><subfield code="c">20080404</subfield><subfield code="h">131932</subfield></datafield></record></collection>